%YAML 1.1
%TAG !u! tag:unity3d.com,2011:
--- !u!1 &3797855323680850964
GameObject:
  m_ObjectHideFlags: 0
  m_CorrespondingSourceObject: {fileID: 0}
  m_PrefabInstance: {fileID: 0}
  m_PrefabAsset: {fileID: 0}
  serializedVersion: 6
  m_Component:
  - component: {fileID: 791359792060156302}
  m_Layer: 0
  m_Name: EyesTransform
  m_TagString: Untagged
  m_Icon: {fileID: 0}
  m_NavMeshLayer: 0
  m_StaticEditorFlags: 0
  m_IsActive: 1
--- !u!4 &791359792060156302
Transform:
  m_ObjectHideFlags: 0
  m_CorrespondingSourceObject: {fileID: 0}
  m_PrefabInstance: {fileID: 0}
  m_PrefabAsset: {fileID: 0}
  m_GameObject: {fileID: 3797855323680850964}
  m_LocalRotation: {x: 0, y: 0, z: 0, w: 1}
  m_LocalPosition: {x: 0, y: 0.162, z: 0.453}
  m_LocalScale: {x: 1, y: 1, z: 1}
  m_Children: []
  m_Father: {fileID: 6507035897879613613}
  m_RootOrder: 1
  m_LocalEulerAnglesHint: {x: 0, y: 0, z: 0}
--- !u!1 &4023538622658209863
GameObject:
  m_ObjectHideFlags: 0
  m_CorrespondingSourceObject: {fileID: 0}
  m_PrefabInstance: {fileID: 0}
  m_PrefabAsset: {fileID: 0}
  serializedVersion: 6
  m_Component:
  - component: {fileID: 2937663321718041857}
  m_Layer: 0
  m_Name: HeadBallFootballPlayer
  m_TagString: Untagged
  m_Icon: {fileID: 0}
  m_NavMeshLayer: 0
  m_StaticEditorFlags: 0
  m_IsActive: 1
--- !u!4 &2937663321718041857
Transform:
  m_ObjectHideFlags: 0
  m_CorrespondingSourceObject: {fileID: 0}
  m_PrefabInstance: {fileID: 0}
  m_PrefabAsset: {fileID: 0}
  m_GameObject: {fileID: 4023538622658209863}
  m_LocalRotation: {x: 0, y: 0, z: 0, w: 1}
  m_LocalPosition: {x: 0, y: 0.243, z: 0.296}
  m_LocalScale: {x: 1, y: 1, z: 1}
  m_Children: []
  m_Father: {fileID: 6507035897879613613}
  m_RootOrder: 2
  m_LocalEulerAnglesHint: {x: 0, y: 0, z: 0}
--- !u!1 &6503491423465805937
GameObject:
  m_ObjectHideFlags: 0
  m_CorrespondingSourceObject: {fileID: 0}
  m_PrefabInstance: {fileID: 0}
  m_PrefabAsset: {fileID: 0}
  serializedVersion: 6
  m_Component:
  - component: {fileID: 6506883882888468221}
  - component: {fileID: 4265577634273783455}
  - component: {fileID: 6605374195166024119}
  - component: {fileID: 6707248591343756527}
  m_Layer: 0
  m_Name: model_000
  m_TagString: Untagged
  m_Icon: {fileID: 0}
  m_NavMeshLayer: 0
  m_StaticEditorFlags: 0
  m_IsActive: 1
--- !u!4 &6506883882888468221
Transform:
  m_ObjectHideFlags: 0
  m_CorrespondingSourceObject: {fileID: 0}
  m_PrefabInstance: {fileID: 0}
  m_PrefabAsset: {fileID: 0}
  m_GameObject: {fileID: 6503491423465805937}
  m_LocalRotation: {x: 0, y: -0, z: -0, w: 1}
  m_LocalPosition: {x: -0, y: 0, z: 0}
  m_LocalScale: {x: 1, y: 1, z: 1}
  m_Children: []
  m_Father: {fileID: 6508373180402451015}
  m_RootOrder: 0
  m_LocalEulerAnglesHint: {x: 0, y: 0, z: 0}
--- !u!114 &4265577634273783455
MonoBehaviour:
  m_ObjectHideFlags: 0
  m_CorrespondingSourceObject: {fileID: 0}
  m_PrefabInstance: {fileID: 0}
  m_PrefabAsset: {fileID: 0}
  m_GameObject: {fileID: 6503491423465805937}
  m_Enabled: 1
  m_EditorHideFlags: 0
  m_Script: {fileID: 11500000, guid: 78e64ce36a652bc4282add55b8c0259e, type: 3}
  m_Name: 
  m_EditorClassIdentifier: 
  IsGoalkeeperModel: 1
  NumberTextures:
  - {fileID: 2800000, guid: fee0fa5c57616274486bd496ea501bc8, type: 3}
  - {fileID: 2800000, guid: 9d03dd8cab624864fa47bacf2d34881b, type: 3}
  - {fileID: 2800000, guid: 2fa951ad730c88941bd3884150e68ab4, type: 3}
  - {fileID: 2800000, guid: 6164bf87abb5526408d0941afdf39376, type: 3}
  - {fileID: 2800000, guid: 3f9e64d1014ba3149ac3c0cfb1bf95ec, type: 3}
  - {fileID: 2800000, guid: 7e6f1e4046001ed4eb27b5d67d16c7e1, type: 3}
  - {fileID: 2800000, guid: e156a000893ba1b4b9a85418d30b950e, type: 3}
  - {fileID: 2800000, guid: f0740644e7009de49b05f2d65766e4da, type: 3}
  - {fileID: 2800000, guid: 993bb673ce2e71245aaae447336e5fe3, type: 3}
  - {fileID: 2800000, guid: dbd5a231d09df3d4eb9de65976ae9323, type: 3}
  TexturesTeam1:
  - {fileID: 2800000, guid: ca4a40783b6cfd64290756c821bfbf0d, type: 3}
  - {fileID: 2800000, guid: ca4a40783b6cfd64290756c821bfbf0d, type: 3}
  - {fileID: 2800000, guid: 1a7580b188d60ca46867f20b3ff5d9ef, type: 3}
  - {fileID: 2800000, guid: 1fd41d934b65b64479b5c2b23058edad, type: 3}
  - {fileID: 2800000, guid: 270c5992f13204c4eb38532b09abbcbc, type: 3}
  - {fileID: 2800000, guid: dac57edba1ee45a498f59b950713da73, type: 3}
  - {fileID: 2800000, guid: da3d5f9c1dbce35499588886d4a88ccc, type: 3}
  - {fileID: 2800000, guid: f6cc18b2c40400a4d8c935a6b00fcbd3, type: 3}
  TexturesTeam2:
  - {fileID: 2800000, guid: 50c8d6dec9da7de4a8fedef941c8c7b5, type: 3}
  - {fileID: 2800000, guid: 50c8d6dec9da7de4a8fedef941c8c7b5, type: 3}
  - {fileID: 2800000, guid: 122b178883bf6eb478fc3e7f681ba367, type: 3}
  - {fileID: 2800000, guid: 3869ace6205ea8f4188252eafefe5e03, type: 3}
  - {fileID: 2800000, guid: b1b8d87c9ecc8f64fb6b2d3ce4373c13, type: 3}
  - {fileID: 2800000, guid: a13578ca642d4c9478f81232986a6e6c, type: 3}
  - {fileID: 2800000, guid: da3d5f9c1dbce35499588886d4a88ccc, type: 3}
  - {fileID: 2800000, guid: f6cc18b2c40400a4d8c935a6b00fcbd3, type: 3}
  TexturesAdminTeam1:
  - {fileID: 2800000, guid: 4debc61dd13bb8b4cbb8292f2b432427, type: 3}
  - {fileID: 2800000, guid: 4debc61dd13bb8b4cbb8292f2b432427, type: 3}
  - {fileID: 2800000, guid: 1a7580b188d60ca46867f20b3ff5d9ef, type: 3}
  - {fileID: 2800000, guid: b7dc12811ad2a5c4a824b2e5abcd4cb5, type: 3}
  - {fileID: 2800000, guid: 1405d5b87f420614d92db85c310f4586, type: 3}
  - {fileID: 2800000, guid: 523667e1725e9bf42926c64c7b67e158, type: 3}
  - {fileID: 2800000, guid: da3d5f9c1dbce35499588886d4a88ccc, type: 3}
  - {fileID: 2800000, guid: f6cc18b2c40400a4d8c935a6b00fcbd3, type: 3}
  TexturesAdminTeam2:
  - {fileID: 2800000, guid: 716dd90fd0707064281f71768d2e3e1d, type: 3}
  - {fileID: 2800000, guid: 716dd90fd0707064281f71768d2e3e1d, type: 3}
  - {fileID: 2800000, guid: 122b178883bf6eb478fc3e7f681ba367, type: 3}
  - {fileID: 2800000, guid: 1c9ef811c158c624dbd3e16bdfb408fc, type: 3}
  - {fileID: 2800000, guid: 7f2b884f6ddc859438877f4561d2f63e, type: 3}
  - {fileID: 2800000, guid: e997afa311558b94199925827cff8c03, type: 3}
  - {fileID: 2800000, guid: da3d5f9c1dbce35499588886d4a88ccc, type: 3}
  - {fileID: 2800000, guid: f6cc18b2c40400a4d8c935a6b00fcbd3, type: 3}
  _Materials: []
  _FootballPlayer: {fileID: 0}
  _FootballNetPlayer: {fileID: 0}
  _firstInit: 1
  _PhotonView: {fileID: 6707248591343756527}
  _Renderer: {fileID: 6605374195166024119}
--- !u!137 &6605374195166024119
SkinnedMeshRenderer:
  m_ObjectHideFlags: 0
  m_CorrespondingSourceObject: {fileID: 0}
  m_PrefabInstance: {fileID: 0}
  m_PrefabAsset: {fileID: 0}
  m_GameObject: {fileID: 6503491423465805937}
  m_Enabled: 1
  m_CastShadows: 1
  m_ReceiveShadows: 1
  m_DynamicOccludee: 1
  m_MotionVectors: 1
  m_LightProbeUsage: 1
  m_ReflectionProbeUsage: 1
  m_RenderingLayerMask: 1
  m_RendererPriority: 0
  m_Materials:
  - {fileID: 2100000, guid: 477c86dd5f243964486eab2b8225471e, type: 2}
  - {fileID: 2100000, guid: ee55ac8b51943f448bfe5f00ef876c21, type: 2}
  - {fileID: 2100000, guid: 539feaee646e5f7449fb9ef080630d60, type: 2}
  - {fileID: 2100000, guid: a4ee55f57412cd74f9a53014dc73ad5b, type: 2}
  - {fileID: 2100000, guid: 76b55f9dc1cd2ef49a0b3ff0b74f4570, type: 2}
  - {fileID: 2100000, guid: 47cfa98e188463742b9527ecd8b55f6c, type: 2}
  - {fileID: 2100000, guid: 7e60c0ef6fbb7d44fb3716058638bedd, type: 2}
  - {fileID: 2100000, guid: 3319c86bdda63484bb09060125ebec1a, type: 2}
  - {fileID: 2100000, guid: fe98782107c75e5438426266d57b0942, type: 2}
  m_StaticBatchInfo:
    firstSubMesh: 0
    subMeshCount: 0
  m_StaticBatchRoot: {fileID: 0}
  m_ProbeAnchor: {fileID: 0}
  m_LightProbeVolumeOverride: {fileID: 0}
  m_ScaleInLightmap: 1
  m_ReceiveGI: 1
  m_PreserveUVs: 0
  m_IgnoreNormalsForChartDetection: 0
  m_ImportantGI: 0
  m_StitchLightmapSeams: 1
  m_SelectedEditorRenderState: 3
  m_MinimumChartSize: 4
  m_AutoUVMaxDistance: 0.5
  m_AutoUVMaxAngle: 89
  m_LightmapParameters: {fileID: 0}
  m_SortingLayerID: 0
  m_SortingLayer: 0
  m_SortingOrder: 0
  serializedVersion: 2
  m_Quality: 0
  m_UpdateWhenOffscreen: 0
  m_SkinnedMotionVectors: 1
  m_Mesh: {fileID: 4300002, guid: 740888bf6e193db42ba63aac670c9814, type: 3}
  m_Bones:
  - {fileID: 6507113594387361503}
  - {fileID: 6506799426956419033}
  - {fileID: 6508466741982669841}
  - {fileID: 6506791516701972341}
  - {fileID: 6507035897879613613}
  - {fileID: 6507011759312524319}
  - {fileID: 6508524671021876975}
  - {fileID: 6507078720984361771}
  - {fileID: 6508329071013039233}
  - {fileID: 6506874934517712845}
  - {fileID: 6508604521387851949}
  - {fileID: 6508756734312027987}
  - {fileID: 6506711996922333177}
  - {fileID: 6508613365495272323}
  - {fileID: 6508509918920507281}
  - {fileID: 6508442928944295947}
  - {fileID: 6508757751084476089}
  - {fileID: 6508423941716467111}
  - {fileID: 6507133796143072023}
  - {fileID: 6506945821751262531}
  - {fileID: 6506689853186396305}
  m_BlendShapeWeights: []
  m_RootBone: {fileID: 6507113594387361503}
  m_AABB:
    m_Center: {x: 0.00000008940697, y: -0.000018388033, z: 0.0077671185}
    m_Extent: {x: 0.7290678, y: 0.9183233, z: 0.15791038}
  m_DirtyAABB: 0
--- !u!114 &6707248591343756527
MonoBehaviour:
  m_ObjectHideFlags: 0
  m_CorrespondingSourceObject: {fileID: 0}
  m_PrefabInstance: {fileID: 0}
  m_PrefabAsset: {fileID: 0}
  m_GameObject: {fileID: 6503491423465805937}
  m_Enabled: 1
  m_EditorHideFlags: 0
  m_Script: {fileID: 11500000, guid: aa584fbee541324448dd18d8409c7a41, type: 3}
  m_Name: 
  m_EditorClassIdentifier: 
  ObservedComponentsFoldoutOpen: 1
  Group: 0
  prefixField: -1
  Synchronization: 0
  OwnershipTransfer: 0
  ObservedComponents:
  - {fileID: 0}
  viewIdField: 0
  InstantiationId: 0
  isRuntimeInstantiated: 0
--- !u!1 &6503493373693803447
GameObject:
  m_ObjectHideFlags: 0
  m_CorrespondingSourceObject: {fileID: 0}
  m_PrefabInstance: {fileID: 0}
  m_PrefabAsset: {fileID: 0}
  serializedVersion: 6
  m_Component:
  - component: {fileID: 6508423941716467111}
  m_Layer: 0
  m_Name: RightUpLeg
  m_TagString: Untagged
  m_Icon: {fileID: 0}
  m_NavMeshLayer: 0
  m_StaticEditorFlags: 0
  m_IsActive: 1
--- !u!4 &6508423941716467111
Transform:
  m_ObjectHideFlags: 0
  m_CorrespondingSourceObject: {fileID: 0}
  m_PrefabInstance: {fileID: 0}
  m_PrefabAsset: {fileID: 0}
  m_GameObject: {fileID: 6503493373693803447}
  m_LocalRotation: {x: 0, y: 0, z: 0.056692787, w: 0.9983917}
  m_LocalPosition: {x: 0.095, y: 0.024999999, z: 0.015}
  m_LocalScale: {x: 1, y: 1, z: 1}
  m_Children:
  - {fileID: 6507133796143072023}
  m_Father: {fileID: 6507113594387361503}
  m_RootOrder: 1
  m_LocalEulerAnglesHint: {x: 0, y: 0, z: 0}
--- !u!1 &6503614561772896741
GameObject:
  m_ObjectHideFlags: 0
  m_CorrespondingSourceObject: {fileID: 0}
  m_PrefabInstance: {fileID: 0}
  m_PrefabAsset: {fileID: 0}
  serializedVersion: 6
  m_Component:
  - component: {fileID: 6508442928944295947}
  m_Layer: 0
  m_Name: LeftFoot
  m_TagString: Untagged
  m_Icon: {fileID: 0}
  m_NavMeshLayer: 0
  m_StaticEditorFlags: 0
  m_IsActive: 1
--- !u!4 &6508442928944295947
Transform:
  m_ObjectHideFlags: 0
  m_CorrespondingSourceObject: {fileID: 0}
  m_PrefabInstance: {fileID: 0}
  m_PrefabAsset: {fileID: 0}
  m_GameObject: {fileID: 6503614561772896741}
  m_LocalRotation: {x: 0, y: 0, z: 0.056692787, w: 0.9983917}
  m_LocalPosition: {x: -2.4868996e-16, y: -0.42, z: -0.08}
  m_LocalScale: {x: 1, y: 1, z: 1}
  m_Children:
  - {fileID: 6508757751084476089}
  m_Father: {fileID: 6508509918920507281}
  m_RootOrder: 0
  m_LocalEulerAnglesHint: {x: 0, y: 0, z: 0}
--- !u!1 &6504351315481655823
GameObject:
  m_ObjectHideFlags: 0
  m_CorrespondingSourceObject: {fileID: 0}
  m_PrefabInstance: {fileID: 0}
  m_PrefabAsset: {fileID: 0}
  serializedVersion: 6
  m_Component:
  - component: {fileID: 6508604521387851949}
  m_Layer: 0
  m_Name: LeftArm
  m_TagString: Untagged
  m_Icon: {fileID: 0}
  m_NavMeshLayer: 0
  m_StaticEditorFlags: 0
  m_IsActive: 1
--- !u!4 &6508604521387851949
Transform:
  m_ObjectHideFlags: 0
  m_CorrespondingSourceObject: {fileID: 0}
  m_PrefabInstance: {fileID: 0}
  m_PrefabAsset: {fileID: 0}
  m_GameObject: {fileID: 6504351315481655823}
  m_LocalRotation: {x: -2.0018253e-23, y: 2.1796355e-23, z: 0.27563736, w: 0.9612617}
  m_LocalPosition: {x: -0.152, y: -0.055, z: -0.024999999}
  m_LocalScale: {x: 1, y: 1, z: 1}
  m_Children:
  - {fileID: 6508756734312027987}
  m_Father: {fileID: 6506874934517712845}
  m_RootOrder: 0
  m_LocalEulerAnglesHint: {x: 0, y: 0, z: 0}
--- !u!1 &6504433591030607863
GameObject:
  m_ObjectHideFlags: 0
  m_CorrespondingSourceObject: {fileID: 0}
  m_PrefabInstance: {fileID: 0}
  m_PrefabAsset: {fileID: 0}
  serializedVersion: 6
  m_Component:
  - component: {fileID: 6507011759312524319}
  m_Layer: 0
  m_Name: RightShoulder
  m_TagString: Untagged
  m_Icon: {fileID: 0}
  m_NavMeshLayer: 0
  m_StaticEditorFlags: 0
  m_IsActive: 1
--- !u!4 &6507011759312524319
Transform:
  m_ObjectHideFlags: 0
  m_CorrespondingSourceObject: {fileID: 0}
  m_PrefabInstance: {fileID: 0}
  m_PrefabAsset: {fileID: 0}
  m_GameObject: {fileID: 6504433591030607863}
  m_LocalRotation: {x: -1.323489e-23, y: -2.646978e-23, z: -1.1919183e-24, w: 1}
  m_LocalPosition: {x: 0.01, y: 0.225, z: -0.035}
  m_LocalScale: {x: 1, y: 1, z: 1}
  m_Children:
  - {fileID: 6508524671021876975}
  m_Father: {fileID: 6508466741982669841}
  m_RootOrder: 2
  m_LocalEulerAnglesHint: {x: 0, y: 0, z: 0}
--- !u!1 &6504450544261929219
GameObject:
  m_ObjectHideFlags: 0
  m_CorrespondingSourceObject: {fileID: 0}
  m_PrefabInstance: {fileID: 0}
  m_PrefabAsset: {fileID: 0}
  serializedVersion: 6
  m_Component:
  - component: {fileID: 6508757751084476089}
  m_Layer: 0
  m_Name: LeftToeBase
  m_TagString: Untagged
  m_Icon: {fileID: 0}
  m_NavMeshLayer: 0
  m_StaticEditorFlags: 0
  m_IsActive: 1
--- !u!4 &6508757751084476089
Transform:
  m_ObjectHideFlags: 0
  m_CorrespondingSourceObject: {fileID: 0}
  m_PrefabInstance: {fileID: 0}
  m_PrefabAsset: {fileID: 0}
  m_GameObject: {fileID: 6504450544261929219}
  m_LocalRotation: {x: 0, y: 0, z: 6.938894e-18, w: 1}
  m_LocalPosition: {x: -0.012, y: -0.14, z: 0.14}
  m_LocalScale: {x: 1, y: 1, z: 1}
  m_Children: []
  m_Father: {fileID: 6508442928944295947}
  m_RootOrder: 0
  m_LocalEulerAnglesHint: {x: 0, y: 0, z: 0}
--- !u!1 &6504492517730975307
GameObject:
  m_ObjectHideFlags: 0
  m_CorrespondingSourceObject: {fileID: 0}
  m_PrefabInstance: {fileID: 0}
  m_PrefabAsset: {fileID: 0}
  serializedVersion: 6
  m_Component:
  - component: {fileID: 6508524671021876975}
  m_Layer: 0
  m_Name: RightArm
  m_TagString: Untagged
  m_Icon: {fileID: 0}
  m_NavMeshLayer: 0
  m_StaticEditorFlags: 0
  m_IsActive: 1
--- !u!4 &6508524671021876975
Transform:
  m_ObjectHideFlags: 0
  m_CorrespondingSourceObject: {fileID: 0}
  m_PrefabInstance: {fileID: 0}
  m_PrefabAsset: {fileID: 0}
  m_GameObject: {fileID: 6504492517730975307}
  m_LocalRotation: {x: 1.8148326e-23, y: -3.2740444e-23, z: -0.27563736, w: 0.9612617}
  m_LocalPosition: {x: 0.152, y: -0.055, z: -0.024999999}
  m_LocalScale: {x: 1, y: 1, z: 1}
  m_Children:
  - {fileID: 6507078720984361771}
  m_Father: {fileID: 6507011759312524319}
  m_RootOrder: 0
  m_LocalEulerAnglesHint: {x: 0, y: 0, z: 0}
--- !u!1 &6504538518356981301
GameObject:
  m_ObjectHideFlags: 0
  m_CorrespondingSourceObject: {fileID: 0}
  m_PrefabInstance: {fileID: 0}
  m_PrefabAsset: {fileID: 0}
  serializedVersion: 6
  m_Component:
  - component: {fileID: 6508303799267336121}
  m_Layer: 0
  m_Name: Root
  m_TagString: Untagged
  m_Icon: {fileID: 0}
  m_NavMeshLayer: 0
  m_StaticEditorFlags: 0
  m_IsActive: 1
--- !u!4 &6508303799267336121
Transform:
  m_ObjectHideFlags: 0
  m_CorrespondingSourceObject: {fileID: 0}
  m_PrefabInstance: {fileID: 0}
  m_PrefabAsset: {fileID: 0}
  m_GameObject: {fileID: 6504538518356981301}
  m_LocalRotation: {x: 0, y: -0, z: -0, w: 1}
  m_LocalPosition: {x: -0, y: 0, z: 0}
  m_LocalScale: {x: 1, y: 1, z: 1}
  m_Children:
  - {fileID: 6507113594387361503}
  m_Father: {fileID: 6506883611401103857}
  m_RootOrder: 1
  m_LocalEulerAnglesHint: {x: 0, y: 0, z: 0}
--- !u!1 &6504540124284945367
GameObject:
  m_ObjectHideFlags: 0
  m_CorrespondingSourceObject: {fileID: 0}
  m_PrefabInstance: {fileID: 0}
  m_PrefabAsset: {fileID: 0}
  serializedVersion: 6
  m_Component:
  - component: {fileID: 6508756734312027987}
  m_Layer: 0
  m_Name: LeftForeArm
  m_TagString: Untagged
  m_Icon: {fileID: 0}
  m_NavMeshLayer: 0
  m_StaticEditorFlags: 0
  m_IsActive: 1
--- !u!4 &6508756734312027987
Transform:
  m_ObjectHideFlags: 0
  m_CorrespondingSourceObject: {fileID: 0}
  m_PrefabInstance: {fileID: 0}
  m_PrefabAsset: {fileID: 0}
  m_GameObject: {fileID: 6504540124284945367}
  m_LocalRotation: {x: -3.970467e-23, y: -6.943196e-39, z: 1.74871e-16, w: 1}
  m_LocalPosition: {x: -0.26799998, y: 7.61878e-11, z: -0.01}
  m_LocalScale: {x: 1, y: 1, z: 1}
  m_Children:
  - {fileID: 6506711996922333177}
  m_Father: {fileID: 6508604521387851949}
  m_RootOrder: 0
  m_LocalEulerAnglesHint: {x: 0, y: 0, z: 0}
--- !u!1 &6504568384554474919
GameObject:
  m_ObjectHideFlags: 0
  m_CorrespondingSourceObject: {fileID: 0}
  m_PrefabInstance: {fileID: 0}
  m_PrefabAsset: {fileID: 0}
  serializedVersion: 6
  m_Component:
  - component: {fileID: 6506689853186396305}
  m_Layer: 0
  m_Name: RightToeBase
  m_TagString: Untagged
  m_Icon: {fileID: 0}
  m_NavMeshLayer: 0
  m_StaticEditorFlags: 0
  m_IsActive: 1
--- !u!4 &6506689853186396305
Transform:
  m_ObjectHideFlags: 0
  m_CorrespondingSourceObject: {fileID: 0}
  m_PrefabInstance: {fileID: 0}
  m_PrefabAsset: {fileID: 0}
  m_GameObject: {fileID: 6504568384554474919}
  m_LocalRotation: {x: 0, y: -0, z: -3.469447e-17, w: 1}
  m_LocalPosition: {x: 0.012, y: -0.14, z: 0.14}
  m_LocalScale: {x: 1, y: 1, z: 1}
  m_Children: []
  m_Father: {fileID: 6506945821751262531}
  m_RootOrder: 0
  m_LocalEulerAnglesHint: {x: 0, y: 0, z: 0}
--- !u!1 &6504902550053409061
GameObject:
  m_ObjectHideFlags: 0
  m_CorrespondingSourceObject: {fileID: 0}
  m_PrefabInstance: {fileID: 0}
  m_PrefabAsset: {fileID: 0}
  serializedVersion: 6
  m_Component:
  - component: {fileID: 6506883611401103857}
  - component: {fileID: 6563535680540833201}
  - component: {fileID: 5076504592920103178}
  - component: {fileID: 5445006293075042802}
  - component: {fileID: 8281651800628492497}
  - component: {fileID: 8644757881926050021}
  m_Layer: 0
  m_Name: Soccer Player
  m_TagString: Untagged
  m_Icon: {fileID: 0}
  m_NavMeshLayer: 0
  m_StaticEditorFlags: 0
  m_IsActive: 1
--- !u!4 &6506883611401103857
Transform:
  m_ObjectHideFlags: 0
  m_CorrespondingSourceObject: {fileID: 0}
  m_PrefabInstance: {fileID: 0}
  m_PrefabAsset: {fileID: 0}
  m_GameObject: {fileID: 6504902550053409061}
  m_LocalRotation: {x: 0, y: 0, z: 0, w: 1}
  m_LocalPosition: {x: -0, y: 0, z: 0}
  m_LocalScale: {x: 1, y: 1, z: 1}
  m_Children:
  - {fileID: 6508373180402451015}
  - {fileID: 6508303799267336121}
  m_Father: {fileID: 0}
  m_RootOrder: 0
  m_LocalEulerAnglesHint: {x: 0, y: 0, z: 0}
--- !u!95 &6563535680540833201
Animator:
  serializedVersion: 3
  m_ObjectHideFlags: 0
  m_CorrespondingSourceObject: {fileID: 0}
  m_PrefabInstance: {fileID: 0}
  m_PrefabAsset: {fileID: 0}
  m_GameObject: {fileID: 6504902550053409061}
  m_Enabled: 1
  m_Avatar: {fileID: 9000000, guid: 740888bf6e193db42ba63aac670c9814, type: 3}
  m_Controller: {fileID: 9100000, guid: b40f6b075cfcad14abccf54eef185124, type: 2}
  m_CullingMode: 1
  m_UpdateMode: 2
  m_ApplyRootMotion: 0
  m_LinearVelocityBlending: 0
  m_WarningMessage: 
  m_HasTransformHierarchy: 1
  m_AllowConstantClipSamplingOptimization: 1
  m_KeepAnimatorControllerStateOnDisable: 0
--- !u!114 &5076504592920103178
MonoBehaviour:
  m_ObjectHideFlags: 0
  m_CorrespondingSourceObject: {fileID: 0}
  m_PrefabInstance: {fileID: 0}
  m_PrefabAsset: {fileID: 0}
  m_GameObject: {fileID: 6504902550053409061}
  m_Enabled: 1
  m_EditorHideFlags: 0
  m_Script: {fileID: 11500000, guid: b4d2ea8aa528f0540bba424a9aaaac08, type: 3}
  m_Name: 
  m_EditorClassIdentifier: 
  _animator: {fileID: 6563535680540833201}
  _PhotonView: {fileID: 8281651800628492497}
  _FootballPlayer: {fileID: 0}
--- !u!114 &5445006293075042802
MonoBehaviour:
  m_ObjectHideFlags: 0
  m_CorrespondingSourceObject: {fileID: 0}
  m_PrefabInstance: {fileID: 0}
  m_PrefabAsset: {fileID: 0}
  m_GameObject: {fileID: 6504902550053409061}
  m_Enabled: 1
  m_EditorHideFlags: 0
  m_Script: {fileID: 11500000, guid: 9b8c4a61274f60b4ea5fb4299cfdbf14, type: 3}
  m_Name: 
  m_EditorClassIdentifier: 
  ShowLayerWeightsInspector: 1
  ShowParameterInspector: 1
  m_SynchronizeParameters:
  - Type: 1
    SynchronizeType: 2
    Name: Speed
  - Type: 1
    SynchronizeType: 2
    Name: Direction
  - Type: 1
    SynchronizeType: 2
    Name: Sprinting
  - Type: 1
    SynchronizeType: 2
    Name: Jump
  - Type: 4
    SynchronizeType: 2
    Name: Attack
  m_SynchronizeLayers:
  - SynchronizeType: 1
    LayerIndex: 0
  - SynchronizeType: 1
    LayerIndex: 1
--- !u!114 &8281651800628492497
MonoBehaviour:
  m_ObjectHideFlags: 0
  m_CorrespondingSourceObject: {fileID: 0}
  m_PrefabInstance: {fileID: 0}
  m_PrefabAsset: {fileID: 0}
  m_GameObject: {fileID: 6504902550053409061}
  m_Enabled: 1
  m_EditorHideFlags: 0
  m_Script: {fileID: 11500000, guid: aa584fbee541324448dd18d8409c7a41, type: 3}
  m_Name: 
  m_EditorClassIdentifier: 
  ObservedComponentsFoldoutOpen: 1
  Group: 0
  prefixField: -1
  Synchronization: 3
  OwnershipTransfer: 0
  ObservedComponents:
  - {fileID: 5445006293075042802}
  viewIdField: 0
  InstantiationId: 0
  isRuntimeInstantiated: 0
--- !u!114 &8644757881926050021
MonoBehaviour:
  m_ObjectHideFlags: 0
  m_CorrespondingSourceObject: {fileID: 0}
  m_PrefabInstance: {fileID: 0}
  m_PrefabAsset: {fileID: 0}
  m_GameObject: {fileID: 6504902550053409061}
  m_Enabled: 1
  m_EditorHideFlags: 0
  m_Script: {fileID: 11500000, guid: 7b206689a08ff964b82e4007676b3ac1, type: 3}
  m_Name: 
  m_EditorClassIdentifier: 
  ShouldOnlyRecordActivity: 0
  SnapshotFramesIsNull: 0
  SnapshotFrames: []
  Frames: []
  Length: 0
  FrameIndex: -1
  manager: {fileID: 0}
  _Animator: {fileID: 6563535680540833201}
--- !u!1 &6504926941909157941
GameObject:
  m_ObjectHideFlags: 0
  m_CorrespondingSourceObject: {fileID: 0}
  m_PrefabInstance: {fileID: 0}
  m_PrefabAsset: {fileID: 0}
  serializedVersion: 6
  m_Component:
  - component: {fileID: 6506645586163027145}
  m_Layer: 0
  m_Name: RightPalm
  m_TagString: Untagged
  m_Icon: {fileID: 0}
  m_NavMeshLayer: 0
  m_StaticEditorFlags: 0
  m_IsActive: 1
--- !u!4 &6506645586163027145
Transform:
  m_ObjectHideFlags: 0
  m_CorrespondingSourceObject: {fileID: 0}
  m_PrefabInstance: {fileID: 0}
  m_PrefabAsset: {fileID: 0}
  m_GameObject: {fileID: 6504926941909157941}
  m_LocalRotation: {x: 0, y: -0, z: -0, w: 1}
  m_LocalPosition: {x: 0.08, y: -0.049999997, z: 0.04}
  m_LocalScale: {x: 1, y: 1, z: 0.99999994}
  m_Children: []
  m_Father: {fileID: 6508329071013039233}
  m_RootOrder: 0
  m_LocalEulerAnglesHint: {x: 0, y: 0, z: 0}
--- !u!1 &6504999392823307009
GameObject:
  m_ObjectHideFlags: 0
  m_CorrespondingSourceObject: {fileID: 0}
  m_PrefabInstance: {fileID: 0}
  m_PrefabAsset: {fileID: 0}
  serializedVersion: 6
  m_Component:
  - component: {fileID: 6506583315149297963}
  m_Layer: 0
  m_Name: LeftPalm
  m_TagString: Untagged
  m_Icon: {fileID: 0}
  m_NavMeshLayer: 0
  m_StaticEditorFlags: 0
  m_IsActive: 1
--- !u!4 &6506583315149297963
Transform:
  m_ObjectHideFlags: 0
  m_CorrespondingSourceObject: {fileID: 0}
  m_PrefabInstance: {fileID: 0}
  m_PrefabAsset: {fileID: 0}
  m_GameObject: {fileID: 6504999392823307009}
  m_LocalRotation: {x: 0, y: -0, z: -0, w: 1}
  m_LocalPosition: {x: -0.08, y: -0.049999997, z: 0.04}
  m_LocalScale: {x: 1, y: 1, z: 0.99999994}
  m_Children: []
  m_Father: {fileID: 6506711996922333177}
  m_RootOrder: 0
  m_LocalEulerAnglesHint: {x: 0, y: 0, z: 0}
--- !u!1 &6504999922305554201
GameObject:
  m_ObjectHideFlags: 0
  m_CorrespondingSourceObject: {fileID: 0}
  m_PrefabInstance: {fileID: 0}
  m_PrefabAsset: {fileID: 0}
  serializedVersion: 6
  m_Component:
  - component: {fileID: 6508329071013039233}
  m_Layer: 0
  m_Name: RightHand
  m_TagString: Untagged
  m_Icon: {fileID: 0}
  m_NavMeshLayer: 0
  m_StaticEditorFlags: 0
  m_IsActive: 1
--- !u!4 &6508329071013039233
Transform:
  m_ObjectHideFlags: 0
  m_CorrespondingSourceObject: {fileID: 0}
  m_PrefabInstance: {fileID: 0}
  m_PrefabAsset: {fileID: 0}
  m_GameObject: {fileID: 6504999922305554201}
  m_LocalRotation: {x: 2.646978e-23, y: -2.646978e-23, z: 6.16531e-17, w: 1}
  m_LocalPosition: {x: 0.21, y: 2.842171e-16, z: 0.032}
  m_LocalScale: {x: 1, y: 1, z: 1}
  m_Children:
  - {fileID: 6506645586163027145}
  m_Father: {fileID: 6507078720984361771}
  m_RootOrder: 0
  m_LocalEulerAnglesHint: {x: 0, y: 0, z: 0}
--- !u!1 &6505115787173294355
GameObject:
  m_ObjectHideFlags: 0
  m_CorrespondingSourceObject: {fileID: 0}
  m_PrefabInstance: {fileID: 0}
  m_PrefabAsset: {fileID: 0}
  serializedVersion: 6
  m_Component:
  - component: {fileID: 6507133796143072023}
  m_Layer: 0
  m_Name: RightLeg
  m_TagString: Untagged
  m_Icon: {fileID: 0}
  m_NavMeshLayer: 0
  m_StaticEditorFlags: 0
  m_IsActive: 1
--- !u!4 &6507133796143072023
Transform:
  m_ObjectHideFlags: 0
  m_CorrespondingSourceObject: {fileID: 0}
  m_PrefabInstance: {fileID: 0}
  m_PrefabAsset: {fileID: 0}
  m_GameObject: {fileID: 6505115787173294355}
  m_LocalRotation: {x: 0, y: -0, z: -4.1633363e-17, w: 1}
  m_LocalPosition: {x: -3.5527136e-17, y: -0.375, z: 3.1086245e-17}
  m_LocalScale: {x: 1, y: 1, z: 1}
  m_Children:
  - {fileID: 6506945821751262531}
  m_Father: {fileID: 6508423941716467111}
  m_RootOrder: 0
  m_LocalEulerAnglesHint: {x: 0, y: 0, z: 0}
--- !u!1 &6505120752632852491
GameObject:
  m_ObjectHideFlags: 0
  m_CorrespondingSourceObject: {fileID: 0}
  m_PrefabInstance: {fileID: 0}
  m_PrefabAsset: {fileID: 0}
  serializedVersion: 6
  m_Component:
  - component: {fileID: 6508613365495272323}
  m_Layer: 0
  m_Name: LeftUpLeg
  m_TagString: Untagged
  m_Icon: {fileID: 0}
  m_NavMeshLayer: 0
  m_StaticEditorFlags: 0
  m_IsActive: 1
--- !u!4 &6508613365495272323
Transform:
  m_ObjectHideFlags: 0
  m_CorrespondingSourceObject: {fileID: 0}
  m_PrefabInstance: {fileID: 0}
  m_PrefabAsset: {fileID: 0}
  m_GameObject: {fileID: 6505120752632852491}
  m_LocalRotation: {x: 0, y: -0, z: -0.056692787, w: 0.9983917}
  m_LocalPosition: {x: -0.095, y: 0.024999999, z: 0.015}
  m_LocalScale: {x: 1, y: 1, z: 1}
  m_Children:
  - {fileID: 6508509918920507281}
  m_Father: {fileID: 6507113594387361503}
  m_RootOrder: 0
  m_LocalEulerAnglesHint: {x: 0, y: 0, z: 0}
--- !u!1 &6505139234292676045
GameObject:
  m_ObjectHideFlags: 0
  m_CorrespondingSourceObject: {fileID: 0}
  m_PrefabInstance: {fileID: 0}
  m_PrefabAsset: {fileID: 0}
  serializedVersion: 6
  m_Component:
  - component: {fileID: 6506791516701972341}
  m_Layer: 0
  m_Name: Neck
  m_TagString: Untagged
  m_Icon: {fileID: 0}
  m_NavMeshLayer: 0
  m_StaticEditorFlags: 0
  m_IsActive: 1
--- !u!4 &6506791516701972341
Transform:
  m_ObjectHideFlags: 0
  m_CorrespondingSourceObject: {fileID: 0}
  m_PrefabInstance: {fileID: 0}
  m_PrefabAsset: {fileID: 0}
  m_GameObject: {fileID: 6505139234292676045}
  m_LocalRotation: {x: 8.94986e-15, y: -0.00000024214376, z: 0.000000036960934, w: 1}
  m_LocalPosition: {x: -0.000000015991462, y: 0.24499999, z: -0.049999997}
  m_LocalScale: {x: 1, y: 1, z: 1}
  m_Children:
  - {fileID: 6507035897879613613}
  m_Father: {fileID: 6508466741982669841}
  m_RootOrder: 1
  m_LocalEulerAnglesHint: {x: 0, y: 0, z: 0}
--- !u!1 &6505154991203324655
GameObject:
  m_ObjectHideFlags: 0
  m_CorrespondingSourceObject: {fileID: 0}
  m_PrefabInstance: {fileID: 0}
  m_PrefabAsset: {fileID: 0}
  serializedVersion: 6
  m_Component:
  - component: {fileID: 6507078720984361771}
  m_Layer: 0
  m_Name: RightForeArm
  m_TagString: Untagged
  m_Icon: {fileID: 0}
  m_NavMeshLayer: 0
  m_StaticEditorFlags: 0
  m_IsActive: 1
--- !u!4 &6507078720984361771
Transform:
  m_ObjectHideFlags: 0
  m_CorrespondingSourceObject: {fileID: 0}
  m_PrefabInstance: {fileID: 0}
  m_PrefabAsset: {fileID: 0}
  m_GameObject: {fileID: 6505154991203324655}
  m_LocalRotation: {x: -0.000000011933756, y: 0.000000066843675, z: -0.00000006240605,
    w: 1}
  m_LocalPosition: {x: 0.26799998, y: 8.5265126e-16, z: -0.01}
  m_LocalScale: {x: 1, y: 1, z: 1}
  m_Children:
  - {fileID: 6508329071013039233}
  m_Father: {fileID: 6508524671021876975}
  m_RootOrder: 0
  m_LocalEulerAnglesHint: {x: 0, y: 0, z: 0}
--- !u!1 &6505181104313011717
GameObject:
  m_ObjectHideFlags: 0
  m_CorrespondingSourceObject: {fileID: 0}
  m_PrefabInstance: {fileID: 0}
  m_PrefabAsset: {fileID: 0}
  serializedVersion: 6
  m_Component:
  - component: {fileID: 6506711996922333177}
  m_Layer: 0
  m_Name: LeftHand
  m_TagString: Untagged
  m_Icon: {fileID: 0}
  m_NavMeshLayer: 0
  m_StaticEditorFlags: 0
  m_IsActive: 1
--- !u!4 &6506711996922333177
Transform:
  m_ObjectHideFlags: 0
  m_CorrespondingSourceObject: {fileID: 0}
  m_PrefabInstance: {fileID: 0}
  m_PrefabAsset: {fileID: 0}
  m_GameObject: {fileID: 6505181104313011717}
  m_LocalRotation: {x: -3.970467e-23, y: -6.94318e-39, z: 1.7487064e-16, w: 1}
  m_LocalPosition: {x: -0.21, y: -2.842171e-16, z: 0.032}
  m_LocalScale: {x: 1, y: 1, z: 1}
  m_Children:
  - {fileID: 6506583315149297963}
  m_Father: {fileID: 6508756734312027987}
  m_RootOrder: 0
  m_LocalEulerAnglesHint: {x: 0, y: 0, z: 0}
--- !u!1 &6505250633460824175
GameObject:
  m_ObjectHideFlags: 0
  m_CorrespondingSourceObject: {fileID: 0}
  m_PrefabInstance: {fileID: 0}
  m_PrefabAsset: {fileID: 0}
  serializedVersion: 6
  m_Component:
  - component: {fileID: 6506799426956419033}
  m_Layer: 0
  m_Name: Spine
  m_TagString: Untagged
  m_Icon: {fileID: 0}
  m_NavMeshLayer: 0
  m_StaticEditorFlags: 0
  m_IsActive: 1
--- !u!4 &6506799426956419033
Transform:
  m_ObjectHideFlags: 0
  m_CorrespondingSourceObject: {fileID: 0}
  m_PrefabInstance: {fileID: 0}
  m_PrefabAsset: {fileID: 0}
  m_GameObject: {fileID: 6505250633460824175}
  m_LocalRotation: {x: -0.000000067974966, y: 0.00000023196276, z: -0.00000001997226,
    w: 1}
  m_LocalPosition: {x: 0.0000000159344, y: 0.18299998, z: 0.02}
  m_LocalScale: {x: 1, y: 1, z: 1}
  m_Children:
  - {fileID: 6508466741982669841}
  m_Father: {fileID: 6507113594387361503}
  m_RootOrder: 2
  m_LocalEulerAnglesHint: {x: 0, y: 0, z: 0}
--- !u!1 &6505274384140529819
GameObject:
  m_ObjectHideFlags: 0
  m_CorrespondingSourceObject: {fileID: 0}
  m_PrefabInstance: {fileID: 0}
  m_PrefabAsset: {fileID: 0}
  serializedVersion: 6
  m_Component:
  - component: {fileID: 6506945821751262531}
  m_Layer: 0
  m_Name: RightFoot
  m_TagString: Untagged
  m_Icon: {fileID: 0}
  m_NavMeshLayer: 0
  m_StaticEditorFlags: 0
  m_IsActive: 1
--- !u!4 &6506945821751262531
Transform:
  m_ObjectHideFlags: 0
  m_CorrespondingSourceObject: {fileID: 0}
  m_PrefabInstance: {fileID: 0}
  m_PrefabAsset: {fileID: 0}
  m_GameObject: {fileID: 6505274384140529819}
  m_LocalRotation: {x: 0, y: -0, z: -3.469447e-17, w: 1}
  m_LocalPosition: {x: -7.105427e-17, y: -0.42, z: -0.08}
  m_LocalScale: {x: 1, y: 1, z: 1}
  m_Children:
  - {fileID: 6506689853186396305}
  m_Father: {fileID: 6507133796143072023}
  m_RootOrder: 0
  m_LocalEulerAnglesHint: {x: 0, y: 0, z: 0}
--- !u!1 &6505278376516996303
GameObject:
  m_ObjectHideFlags: 0
  m_CorrespondingSourceObject: {fileID: 0}
  m_PrefabInstance: {fileID: 0}
  m_PrefabAsset: {fileID: 0}
  serializedVersion: 6
  m_Component:
  - component: {fileID: 6508373180402451015}
  m_Layer: 0
  m_Name: Polymesh
  m_TagString: Untagged
  m_Icon: {fileID: 0}
  m_NavMeshLayer: 0
  m_StaticEditorFlags: 0
  m_IsActive: 1
--- !u!4 &6508373180402451015
Transform:
  m_ObjectHideFlags: 0
  m_CorrespondingSourceObject: {fileID: 0}
  m_PrefabInstance: {fileID: 0}
  m_PrefabAsset: {fileID: 0}
  m_GameObject: {fileID: 6505278376516996303}
  m_LocalRotation: {x: 0, y: -0, z: -0, w: 1}
  m_LocalPosition: {x: -0, y: 0, z: 0}
  m_LocalScale: {x: 1, y: 1, z: 1}
  m_Children:
  - {fileID: 6506883882888468221}
  m_Father: {fileID: 6506883611401103857}
  m_RootOrder: 0
  m_LocalEulerAnglesHint: {x: 0, y: 0, z: 0}
--- !u!1 &6505298982468109203
GameObject:
  m_ObjectHideFlags: 0
  m_CorrespondingSourceObject: {fileID: 0}
  m_PrefabInstance: {fileID: 0}
  m_PrefabAsset: {fileID: 0}
  serializedVersion: 6
  m_Component:
  - component: {fileID: 6508509918920507281}
  m_Layer: 0
  m_Name: LeftLeg
  m_TagString: Untagged
  m_Icon: {fileID: 0}
  m_NavMeshLayer: 0
  m_StaticEditorFlags: 0
  m_IsActive: 1
--- !u!4 &6508509918920507281
Transform:
  m_ObjectHideFlags: 0
  m_CorrespondingSourceObject: {fileID: 0}
  m_PrefabInstance: {fileID: 0}
  m_PrefabAsset: {fileID: 0}
  m_GameObject: {fileID: 6505298982468109203}
  m_LocalRotation: {x: 0, y: 0, z: 4.1633363e-17, w: 1}
  m_LocalPosition: {x: 3.5527136e-17, y: -0.375, z: 2.8865798e-17}
  m_LocalScale: {x: 1, y: 1, z: 1}
  m_Children:
  - {fileID: 6508442928944295947}
  m_Father: {fileID: 6508613365495272323}
  m_RootOrder: 0
  m_LocalEulerAnglesHint: {x: 0, y: 0, z: 0}
--- !u!1 &6505312867055013431
GameObject:
  m_ObjectHideFlags: 0
  m_CorrespondingSourceObject: {fileID: 0}
  m_PrefabInstance: {fileID: 0}
  m_PrefabAsset: {fileID: 0}
  serializedVersion: 6
  m_Component:
  - component: {fileID: 6507035897879613613}
  m_Layer: 0
  m_Name: Head
  m_TagString: Untagged
  m_Icon: {fileID: 0}
  m_NavMeshLayer: 0
  m_StaticEditorFlags: 0
  m_IsActive: 1
--- !u!4 &6507035897879613613
Transform:
  m_ObjectHideFlags: 0
  m_CorrespondingSourceObject: {fileID: 0}
  m_PrefabInstance: {fileID: 0}
  m_PrefabAsset: {fileID: 0}
  m_GameObject: {fileID: 6505312867055013431}
  m_LocalRotation: {x: -1.323489e-23, y: -1.6543612e-24, z: -1.5536893e-23, w: 1}
  m_LocalPosition: {x: 8.470329e-24, y: 0.099999994, z: 0.01}
  m_LocalScale: {x: 1, y: 1, z: 1}
  m_Children:
  - {fileID: 6506691678272704793}
  - {fileID: 791359792060156302}
  - {fileID: 2937663321718041857}
  m_Father: {fileID: 6506791516701972341}
  m_RootOrder: 0
  m_LocalEulerAnglesHint: {x: 0, y: 0, z: 0}
--- !u!1 &6505349913802974067
GameObject:
  m_ObjectHideFlags: 0
  m_CorrespondingSourceObject: {fileID: 0}
  m_PrefabInstance: {fileID: 0}
  m_PrefabAsset: {fileID: 0}
  serializedVersion: 6
  m_Component:
  - component: {fileID: 6506874934517712845}
  m_Layer: 0
  m_Name: LeftShoulder
  m_TagString: Untagged
  m_Icon: {fileID: 0}
  m_NavMeshLayer: 0
  m_StaticEditorFlags: 0
  m_IsActive: 1
--- !u!4 &6506874934517712845
Transform:
  m_ObjectHideFlags: 0
  m_CorrespondingSourceObject: {fileID: 0}
  m_PrefabInstance: {fileID: 0}
  m_PrefabAsset: {fileID: 0}
  m_GameObject: {fileID: 6505349913802974067}
  m_LocalRotation: {x: -1.323489e-23, y: -2.646978e-23, z: 2.1166905e-24, w: 1}
  m_LocalPosition: {x: -0.01, y: 0.225, z: -0.035000134}
  m_LocalScale: {x: 1, y: 1, z: 1}
  m_Children:
  - {fileID: 6508604521387851949}
  m_Father: {fileID: 6508466741982669841}
  m_RootOrder: 0
  m_LocalEulerAnglesHint: {x: 0, y: 0, z: 0}
--- !u!1 &6505413281730592637
GameObject:
  m_ObjectHideFlags: 0
  m_CorrespondingSourceObject: {fileID: 0}
  m_PrefabInstance: {fileID: 0}
  m_PrefabAsset: {fileID: 0}
  serializedVersion: 6
  m_Component:
  - component: {fileID: 6508466741982669841}
  m_Layer: 0
  m_Name: Spine1
  m_TagString: Untagged
  m_Icon: {fileID: 0}
  m_NavMeshLayer: 0
  m_StaticEditorFlags: 0
  m_IsActive: 1
--- !u!4 &6508466741982669841
Transform:
  m_ObjectHideFlags: 0
  m_CorrespondingSourceObject: {fileID: 0}
  m_PrefabInstance: {fileID: 0}
  m_PrefabAsset: {fileID: 0}
  m_GameObject: {fileID: 6505413281730592637}
  m_LocalRotation: {x: -1.323489e-23, y: 2.646978e-23, z: -9.675474e-25, w: 1}
  m_LocalPosition: {x: 0.0000000083789615, y: 0.188, z: -0.01}
  m_LocalScale: {x: 1, y: 1, z: 1}
  m_Children:
  - {fileID: 6506874934517712845}
  - {fileID: 6506791516701972341}
  - {fileID: 6507011759312524319}
  m_Father: {fileID: 6506799426956419033}
  m_RootOrder: 0
  m_LocalEulerAnglesHint: {x: 0, y: 0, z: 0}
--- !u!1 &6505431036307566027
GameObject:
  m_ObjectHideFlags: 0
  m_CorrespondingSourceObject: {fileID: 0}
  m_PrefabInstance: {fileID: 0}
  m_PrefabAsset: {fileID: 0}
  serializedVersion: 6
  m_Component:
  - component: {fileID: 6507113594387361503}
  m_Layer: 0
  m_Name: Hips
  m_TagString: Untagged
  m_Icon: {fileID: 0}
  m_NavMeshLayer: 0
  m_StaticEditorFlags: 0
  m_IsActive: 1
--- !u!4 &6507113594387361503
Transform:
  m_ObjectHideFlags: 0
  m_CorrespondingSourceObject: {fileID: 0}
  m_PrefabInstance: {fileID: 0}
  m_PrefabAsset: {fileID: 0}
  m_GameObject: {fileID: 6505431036307566027}
  m_LocalRotation: {x: 0, y: -0, z: -0, w: 1}
  m_LocalPosition: {x: -2.6894033e-22, y: 0.90599996, z: -0.024999999}
  m_LocalScale: {x: 1, y: 1, z: 1}
  m_Children:
  - {fileID: 6508613365495272323}
  - {fileID: 6508423941716467111}
  - {fileID: 6506799426956419033}
  m_Father: {fileID: 6508303799267336121}
  m_RootOrder: 0
  m_LocalEulerAnglesHint: {x: 0, y: 0, z: 0}
--- !u!1 &6505439337882919969
GameObject:
  m_ObjectHideFlags: 0
  m_CorrespondingSourceObject: {fileID: 0}
  m_PrefabInstance: {fileID: 0}
  m_PrefabAsset: {fileID: 0}
  serializedVersion: 6
  m_Component:
  - component: {fileID: 6506691678272704793}
  - component: {fileID: 6500780268895546751}
  - component: {fileID: 6489994056472839205}
  m_Layer: 0
  m_Name: hair_002_02
  m_TagString: Untagged
  m_Icon: {fileID: 0}
  m_NavMeshLayer: 0
  m_StaticEditorFlags: 0
  m_IsActive: 1
--- !u!4 &6506691678272704793
Transform:
  m_ObjectHideFlags: 0
  m_CorrespondingSourceObject: {fileID: 0}
  m_PrefabInstance: {fileID: 0}
  m_PrefabAsset: {fileID: 0}
  m_GameObject: {fileID: 6505439337882919969}
  m_LocalRotation: {x: 0.00000006797495, y: 0.000000010180997, z: -0.00000001698869,
    w: 1}
  m_LocalPosition: {x: 0, y: 0, z: 0}
  m_LocalScale: {x: 1, y: 1, z: 1}
  m_Children: []
  m_Father: {fileID: 6507035897879613613}
  m_RootOrder: 0
  m_LocalEulerAnglesHint: {x: 0, y: 0, z: 0}
--- !u!33 &6500780268895546751
MeshFilter:
  m_ObjectHideFlags: 0
  m_CorrespondingSourceObject: {fileID: 0}
  m_PrefabInstance: {fileID: 0}
  m_PrefabAsset: {fileID: 0}
  m_GameObject: {fileID: 6505439337882919969}
  m_Mesh: {fileID: -1029520245984923532, guid: 5a2cc13d7b2df024c93d28809cf5856a, type: 3}
--- !u!23 &6489994056472839205
MeshRenderer:
  m_ObjectHideFlags: 0
  m_CorrespondingSourceObject: {fileID: 0}
  m_PrefabInstance: {fileID: 0}
  m_PrefabAsset: {fileID: 0}
  m_GameObject: {fileID: 6505439337882919969}
  m_Enabled: 1
  m_CastShadows: 1
  m_ReceiveShadows: 1
  m_DynamicOccludee: 1
  m_MotionVectors: 1
  m_LightProbeUsage: 1
  m_ReflectionProbeUsage: 1
  m_RenderingLayerMask: 1
  m_RendererPriority: 0
  m_Materials:
  - {fileID: 2100000, guid: c6ece4b1ea30946418f697cd3ddddb3f, type: 2}
  m_StaticBatchInfo:
    firstSubMesh: 0
    subMeshCount: 0
  m_StaticBatchRoot: {fileID: 0}
  m_ProbeAnchor: {fileID: 0}
  m_LightProbeVolumeOverride: {fileID: 0}
  m_ScaleInLightmap: 1
  m_ReceiveGI: 1
  m_PreserveUVs: 0
  m_IgnoreNormalsForChartDetection: 0
  m_ImportantGI: 0
  m_StitchLightmapSeams: 1
  m_SelectedEditorRenderState: 3
  m_MinimumChartSize: 4
  m_AutoUVMaxDistance: 0.5
  m_AutoUVMaxAngle: 89
  m_LightmapParameters: {fileID: 0}
  m_SortingLayerID: 0
  m_SortingLayer: 0
  m_SortingOrder: 0
